@Manual{R2022,
    title = {R: A Language and Environment for Statistical Computing},
    author = {{R Core Team}},
    organization = {R Foundation for Statistical Computing},
    address = {Vienna, Austria},
    year = {2022},
    url = {https://www.R-project.org/},
}
  
@Manual{BIEN,
    title = {BIEN: Tools for Accessing the Botanical Information and Ecology
    Network Database},
    author = {Brian Maitner},
    year = {2022},
    note = {R package version 1.2.5},
    url = {https://CRAN.R-project.org/package=BIEN},
}
  
@article{BergRosselliDavidson2005,
  ISSN = {00715794},
  URL = {http://www.jstor.org/stable/4393938},
  author = {Cornelis C. Berg and Pilar Franco Rosselli and Diane W. Davidson},
  journal = {Flora Neotropica},
  pages = {1--230},
  publisher = {[New York Botanical Garden Press, Organization for Flora Neotropica]},
  title = {Cecropia},
  urldate = {2022-08-21},
  volume = {94},
  year = {2005}
}
  
@article{Reichetal2003,
 ISSN = {10585893, 15375315},
 URL = {http://www.jstor.org/stable/10.1086/374368},
 author = {P. B. Reich and I. J. Wright and J. Cavender‐Bares and J. M. Craine and J. Oleksyn and M. Westoby  and M. B. Walters},
 journal = {International Journal of Plant Sciences},
 number = {S3},
 pages = {S143--S164},
 publisher = {The University of Chicago Press},
 title = {The Evolution of Plant Functional Variation: Traits, Spectra, and Strategies},
 urldate = {2022-08-21},
 volume = {164},
 year = {2003}
}

@article{ReichWalters1994,
 ISSN = {00298549, 14321939},
 URL = {http://www.jstor.org/stable/4220589},
 author = {P. B. Reich and M. B. Walters},
 journal = {Oecologia},
 number = {1},
 pages = {73--81},
 publisher = {Springer},
 title = {Photosynthesis-Nitrogen Relations in Amazonian Tree Species. II. Variation in Nitrogen Vis-a-Vis Specific Leaf Area Influences Mass- and Area-Based Expressions},
 urldate = {2022-08-21},
 volume = {97},
 year = {1994}
}

@article{Raaimakersetal1995,
   author = {D. Raaimakers and R. G. A. Boot and P. Dijkstra and S. Pot},
   doi = {10.1007/BF00333319},
   issn = {0029-8549},
   issue = {1},
   journal = {Oecologia},
   month = {4},
   pages = {120-125},
   title = {Photosynthetic rates in relation to leaf phosphorus content in pioneer versus climax tropical rainforest trees},
   volume = {102},
   year = {1995},
}